@book{evo,
  author    = {Nikolay Shpakovsky}, 
  title     = {Tree of Technology Evolution},
  publisher = {target Invention},
  year      = 2016,
}